<record><leader>00000cas a22000007a 4500</leader><controlfield tag="001">10600135</controlfield><controlfield tag="008">840406d18711873nbudn ne      0    0eng  </controlfield><datafield ind1=" " ind2=" " tag="010"><subfield code="a">sn 84020329 </subfield></datafield><datafield ind1=" " ind2=" " tag="040"><subfield code="a">DLC</subfield><subfield code="b">eng</subfield><subfield code="c">DLC</subfield><subfield code="d">NVG</subfield><subfield code="d">CNW</subfield><subfield code="d">OCLCQ</subfield></datafield><datafield ind1=" " ind2=" " tag="042"><subfield code="a">msc</subfield></datafield><datafield ind1="0" ind2="0" tag="050"><subfield code="a">Newspaper</subfield></datafield><datafield ind1="0" ind2="0" tag="245"><subfield code="a">Omaha tribune and Republican.</subfield></datafield><datafield ind1="1" ind2="3" tag="246"><subfield code="a">Tribune and Republican</subfield></datafield><datafield ind1=" " ind2=" " tag="260"><subfield code="a">Omaha, Neb. :</subfield><subfield code="b">[Tribune Print. Co.]</subfield></datafield><datafield ind1=" " ind2=" " tag="300"><subfield code="a">v. :</subfield><subfield code="b">ill.</subfield></datafield><datafield ind1=" " ind2=" " tag="310"><subfield code="a">Daily (except Sun.)</subfield></datafield><datafield ind1="1" ind2=" " tag="362"><subfield code="a">Began in June 1871; ceased in 1873.</subfield></datafield><datafield ind1=" " ind2=" " tag="580"><subfield code="a">Formed by the union of: Omaha daily Republican (Omaha, Neb. : 1866), and Omaha tribune (Omaha, Neb. : 1870).</subfield></datafield><datafield ind1=" " ind2=" " tag="588"><subfield code="a">Description based on: Vol. 7, no. 193 (June 16, 1871).</subfield></datafield><datafield ind1=" " ind2=" " tag="752"><subfield code="a">United States</subfield><subfield code="b">Nebraska</subfield><subfield code="c">Douglas</subfield><subfield code="d">Omaha.</subfield></datafield><datafield ind1="0" ind2=" " tag="775"><subfield code="t">Omaha weekly tribune and Republican</subfield><subfield code="w">(DLC)sn 95063977</subfield></datafield><datafield ind1="1" ind2=" " tag="776"><subfield code="c">Microfilm</subfield><subfield code="d">[Nebraska State Historical Society]</subfield><subfield code="w">(DLC)sn 94055484</subfield></datafield><datafield ind1="1" ind2="4" tag="780"><subfield code="t">Omaha daily Republican (Omaha, Neb. : 1866)</subfield><subfield code="w">(DLC)sn 84020334</subfield></datafield><datafield ind1="1" ind2="4" tag="780"><subfield code="t">Omaha tribune (Omaha, Neb. : 1870)</subfield></datafield><datafield ind1="0" ind2="0" tag="785"><subfield code="t">Omaha daily Republican (Omaha, Neb. : 1873)</subfield><subfield code="w">(DLC)sn 84020330</subfield></datafield><datafield ind1="1" ind2=" " tag="029"><subfield code="a">AU@</subfield><subfield code="b">000025808354</subfield></datafield></record>